@Article{al-deek95:_new_method_for_estim_freew_incid_conges,
  author = 	 {H. Al-Deek and A. Garib and A. E. Radwan},
  title = 	 {New method for estimating freeway incident congestion},
  journal = 	 {Transportation Research Record},
  volume = 	 1494,
  year = 	 1995,
  pages =	 {30--39}}

                  

@TechReport{baxter02:_guidel_for_tmc_trans_manag,
  author =	 {D. H. Baxter},
  title =	 {Guidelines for TMC Transportation Management
                  Operations Technician Staff Development},
  institution =	 {Federal Highway Administration},
  year =	 2002,
  note =	 {Publication No. FHWA-OP-03-071},
  url =
                  {http://tmcpfs.ops.fhwa.dot.gov/cfprojects/uploaded_files/Guidelines%20for%20TMC%20TMOT%20Staff%20Development.doc
                  }
}

                  

@Article{chow74:_study_of_traff_perfor_model,
  author =	 {W.-M. Chow},
  title =	 {A Study of Traffic Performance Models under an
                  Incident Condition.},
  journal =	 {Highway Research Record},
  volume =       567,
  year =	 1974,
  pages =	 {31--36}}


@Book{cleves04:_introd_to_surviv_analy_using_stata,
  author = 	 {Mario Cleves and William W. Gould and Roberto G. Gutierrez and and Yulia Marchenko},
  title = 	 {An introduction to survival analysis using Stata},
  publisher = 	 {Stata Press},
  year = 	 2004,
  address =	 {College Station, TX}}
                  
                  

@Article{erera98:_simpl_gener_method_for_analy,
  author = 	 {Alan L. Erera and Tim W. Lawson and Carlos F. Daganzo},
  title = 	 {Simple, Generalized Method for Analysis
    of Traffic Queue Upstream of a Bottleneck},
  journal = 	 {Transportation Research Record},
  volume = 	 1646,
  year = 	 1998,
  pages =	 {132--140}}

                  


@Article{goolsby71:_influen_of_incid_freew_qualit_of_servic,
  author =	 {M. E. Goolsby and W. Smith},
  title =	 {Influence of incidents on freeway quality of
                  service},
  journal =	 {Highway Research Record},
  volume =       349,
  year =	 1971,
  pages =	 {41--46}}

                  

@Article{hall89:_evaluat_of_speed_estim_made,
  author = 	 {F. Hall and B. Persaud},
  title = 	 {Evaluation of speed estimates made with
                  single-detector data from freeway traffic management
                  systems},
  journal = 	 {Transportation Research
    Record},
  volume =       1232,
  year = 	 1989,
  pages =	 {9--16}}

                  

@TechReport{heydecker94:_incid_and_inter_freew,
  author = 	 {B. Heydecker},
  title = 	 {Incidents and Intervention on Freeways},
  institution =  {California PATH},
  year = 	 1994,
  note =	 {Paper No. UCB-ITS-PRR-94-5}}

                  


@InProceedings{jia01:_pems_algor_for_accur_real,
  author = 	 {Zhanfeng Jia and Chao Chen and Ben Coifman and Pravin Varaiya},
  title = 	 {The {PeMS} algorithms for accurate, real-time estimates
    of g-factors and speeds from single-loop detectors},
  booktitle =	 {2001 IEEE Intelligent
    Transportation Systems Conference Proceedings},
  year =	 2001}

                  


                  

@Article{lawson97:_using_input_output_diagr_to,
  author = 	 {Tim W. Lawson and David J. Lovell and Carlos F. Daganzo},
  title = 	 {Using Input-Output Diagram to
    Determine Spatial and Temporal Extents of a Queue Upstream of a Bottleneck},
  journal = 	 {Transportation Research Record},
  volume =       1572,
  year = 	 1997,
  pages =	 {140--147}}

                  


@Article{lighthill55:_kinem_waves,
  author =	 {M. J. Lighthill and G. B. Whitham},
  title =	 {On Kinematic Waves. I. Flood Movement in Long
                  Rivers},
  journal =	 {Proceedings of the Royal Society of London. Series
                  A, Mathematical and Physical Sciences},
  year =	 1955,
  volume =	 229,
  number =	 1178,
  pages =	 {281--316}}

                  

@Article{morales87:_analy_proced_for_estim_freew_traff_conges,
  author = 	 {J. M. Morales},
  title = 	 {Analytical Procedures for Estimating Freeway Traffic
    Congestion},
  journal = 	 {ITE Journal},
  year = 	 1987,
  volume = 	 57,
  number = 	 1,
  pages =	 {45--49}}

                  

@TechReport{park05:_trans_manag_system_perfor_monit,
  author =	 {Byungkyu (Brian) Park},
  title =	 {Transportation Management System Performance
                  Monitoring, Evaluation, and Reporting---A Technical
                  Handbook},
  institution =	 {FHWA},
  year =	 2005,
  month =        {September},
  number =	 {Publication No.
    FHWA-HOP-07-124},
  note =	 {Access: 1 July 2008},
  url = {http://tmcpfs.ops.fhwa.dot.gov/cfprojects/uploaded_files/tms_pmer_handbook.pdf}
}


    
@TechReport{recker05:_tool_for_incor_of_non,
  author = 	 {Will Recker and  Youngshik Chung and Tom Golob},
  title = 	 {A Tool for the Incorporation of
    Non-Recurrent Congestion Costs of Freeway Accidents in Performance Management},
  institution =  {Institute of Transportation Studies, UC Irvine},
  year = 	 2005,
  number =	 {Publication No UCB-ITS-PRR-2005-30},
  month =	 {November},
  note =	 {Accessed: 1 July 2008},
  url =		 {http://www.path.berkeley.edu/PATH/Publications/PDF/PRR/2005/PRR-2005-30.pdf}
}
    

                  

@InProceedings{skabardonis04:_devel_and_applic_of_method,
  author =	 {A. Skabardonis and N. Geroliminis},
  title =	 {Development and application of methodologies to
                  estimate incident impacts},
  booktitle =	 {Proceedings of the 2nd International Congress on
                  Transportation Research in Greece},
  year =	 2004,
  address =	 {Athens, Greece}}
                  
                  
                  
@Article{skabardonis96:_i_field_exper,
  author =	 {A. Skabardonis and K. Petty and H. Noeimi and
                  D. Rydzewski and P. Varaiya},
  title =	 {{I-880} Field Experiment: Data-base
    Develepment and Incident Delay Estimation Procedures},
  journal =	 {Transportation Research
    Record},
  volume = 	 1554,
  year =	 1996,
  pages =	 {204--212}}

                  

@Article{skabardonis03:_measur_recur_and_nonrec_traff_conges,
  author = 	 {A. Skabardonis and P. Varaiya and K. Petty},
  title = 	 {Measuring Recurrent and Nonrecurrent
    Traffic Congestion},
  journal = 	 {Transportation Research Record},
  year = 	 2003,
  volume =	 1856,
  pages =	 {118--124}}


                  

@Misc{trb94:_highw_capac_manual,
  author = 	 {TRB},
  title = 	 {{H}ighway {C}apacity {M}anual: {S}pecial {R}eport 209},
  institution =  {Transportation Research Board, National Research Council},
  year = 	 1994,
  address =	 {Washington, D. C.}}

                  

@Article{wang03:_can_singl_loop_detec_do,
  author = 	 {Y. Wang and N. L. Nihan},
  title = 	 {Can Single-Loop Detectors Do the Work of Dual-
    Loop Detectors?},
  journal = 	 {Journal of Transportation Engineering},
  year = 	 2003,
  volume =	 129,
  number = 	 2,
  pages =	 {169--176}}

                  

@Article{wirasinghe78:_deter_of_traff_delay_from,
  author = 	 {S. C. Wirasinghe},
  title = 	 {Determination of traffic delays from shock-wave
    analysis},
  journal = 	 {Transportation Research},
  year = 	 1978,
  volume =	 12,
  number =	 5,
  pages =	 {343--348}}


@TechReport{rindt08:_measur_based_system_for_tmc_perfor_evaluat,
  author =	 {Craig R. Rindt and Will W. Recker},
  title =	 {A Measurement-based System for TMC Performance
                  Evaluation: {I}nterim Report and Recommendations },
  institution =	 {Institute of Transportation Studies, UC Irvine},
  year =	 2008,
  month =	 {July}}

